@article {kajikawa,
  author={Y. {Kajikawa} and W.-S. {Gan} and S. M. {Kuo}},
  journal={APSIPA Transactions on Signal and Information Processing},
  title={Recent advances on active noise control: open issues and innovative applications},
  publisher={Cambridge University Press},
  year={2012},
  volume={1},
  pages={e3},
  DOI={10.1017/ATSIP.2012.4},
}

@article{kuo,
  author={S. M. {Kuo} and D. R. {Morgan}},
  journal={Proceedings of the IEEE},
  title={Active Noise Control: A Tutorial Review},
  year={1999},
  volume={87},
  number={6},
  pages={943-973},
  doi={10.1109/5.763310}
}

@article {feintuch,
  author={P. L. {Feintuch} and N. J. {Bershad} and A. K. {Lo}},
  journal={IEEE Transactions on Signal Processing},
  title={A Frequency Domain Model for "Filtered" LMS Algorithms-Stability Analysis, Design, and Elimination of the Training Mode},
  year={1993},
  volume={41},
  number={4},
  pages={1518-1531},
  doi={10.1109/78.212728}
}

@book {bracewell,
  author = {R. N. {Bracewell}},
  publisher = {McGraw-Hill},
  title = {The Fourier Transform and Its Applications},
  edition = {3},
  year = {2000},
  isbn = {0-07-116043-4}
}

@inproceedings {roy,
  author={T. K. {Roy} and M. {Morshed}},
  booktitle={2013 2nd International Conference on Advances in Electrical Engineering (ICAEE)},
  title={Active Noise Control Using Filtered-xLMS and Feedback ANC Filter Algorithms},
  year={2013},
  pages={7-12},
  doi={10.1109/ICAEE.2013.6750295}
}

@article {lu,
  author={T. J. {Lu}  and A. {Hess} and M. F. {Ashby}},
  journal={Journal of Applied Physics},
  title={Sound absorption in metallic foams},
  year={1999},
  volume={85},
  number={11},
  pages={7528-7539},
  doi={10.1063/1.370550}
}

@inproceedings {chen,
  author={H. {Chen} and P. {Samarasinghe} and T. D. {Abhayapala} and W. {Zhang}},
  booktitle={2015 IEEE Workshop on Applications of Signal Processing to Audio and Acoustics (WASPAA)},
  title={Spatial noise cancellation inside cars: Performance analysis and experimental results},
  year={2015},
  pages={1-5},
  doi={10.1109/WASPAA.2015.7336947}
}

@article {gaur,
  author={S. {Gaur} and V. K. {Gupta}},
  journal={International Journal of Signal Processing Systems},
  title={A Review on Filtered-X LMS Algorithm},
  year={2016},
  month={4},
  volume={4},
  number={2},
  pages={172-176},
  doi={10.12720/ijsps.4.2.172-176}
}

@article {darabi,
  author={H. {Darabi} and J. {Chiu}},
  journal={IEEE Journal of Solid-State Circuits},
  title={A noise cancellation technique in active RF-CMOS mixers},
  year={2005},
  volume={40},
  number={12},
  pages={2628-2632},
  doi={10.1109/JSSC.2005.857428}
}

@INPROCEEDINGS{teoh,
    author={C. {Teoh} and K. {Soh} and R. {Zhou} and D. {Tien} and V. {Chan}},  booktitle={Proceedings of EMPD '98. 1998 International Conference on Energy Management and Power Delivery (Cat. No.98EX137)},
    title={Active noise control of transformer noise},
    year={1998},
    volume={2},
    number={},
    pages={747-753 vol.2},
    doi={10.1109/EMPD.1998.702837}
}